<record xmlns="http://www.loc.gov/MARC21/slim" xmlns:xsi="http://www.w3.org/2001/XMLSchema-instance" xsi:schemaLocation="http://www.loc.gov/MARC21/slim http://www.loc.gov/standards/marcxml/schema/MARC21slim.xsd"><leader>00748cz   2200169n  4500</leader><controlfield tag="001">oca03851926 </controlfield><controlfield tag="005">20001102071125.0</controlfield><controlfield tag="008">950502n| acannaabn          |a aaa     c</controlfield><datafield ind1=" " ind2=" " tag="010"><subfield code="a">nr 95016310 </subfield></datafield><datafield ind1=" " ind2=" " tag="040"><subfield code="a">NNC</subfield><subfield code="b">eng</subfield><subfield code="c">NNC</subfield><subfield code="d">OCoLC</subfield></datafield><datafield ind1="1" ind2=" " tag="100"><subfield code="a">Hortensius Hortalus, Q.</subfield><subfield code="q">(Quintus)</subfield></datafield><datafield ind1="1" ind2=" " tag="400"><subfield code="a">Hortalus, Q. Hortensius</subfield><subfield code="q">(Quintus Hortensius)</subfield></datafield><datafield ind1="1" ind2=" " tag="400"><subfield code="a">Hortensius Hortalus, Quintus</subfield></datafield><datafield ind1=" " ind2=" " tag="670"><subfield code="a">The works of Q. Hortensius Hotalius [CF] 1991:</subfield><subfield code="b">PHI CD ROM #5.3, Latin   Canon, bibliographic screen (Q. Hortensius Hortalus)</subfield></datafield><datafield ind1=" " ind2=" " tag="670"><subfield code="a">Oxford class. dict., 1st ed.:</subfield><subfield code="b">p. 441 (Hortensius Hortalus, Quintus (114-50 B.C.); rival of Cicero)</subfield></datafield><datafield ind1=" " ind2=" " tag="670"><subfield code="a">Pauly-Wissowa:</subfield><subfield code="b">16. Halbbd., col. 2470-2481; "Hortensius", #13  (Q. Hortensius Hortalus)</subfield></datafield><datafield ind1=" " ind2=" " tag="675"><subfield code="a">NUC pre-56.</subfield></datafield></record>